%% This BibTeX bibliography file was created using BibDesk.
%% http://bibdesk.sourceforge.net/


%% Created for Jeremy Lloyd Conlin at 2011-03-03 12:43:21 -0700 


%% Saved with string encoding Unicode (UTF-8) 



@book{Hastie:2001The-e-0,
	Address = {New York},
	Annote = {Includes bibliographical references (p. {$[$}509{$]$}-522) and indexes.},
	Author = {Hastie, Trevor. and Tibshirani, Robert. and Friedman, J. H.},
	Cn = {Q 325.75 .F751 2001},
	Date-Added = {2011-03-03 12:28:40 -0700},
	Date-Modified = {2011-03-03 12:43:21 -0700},
	Id = {004200555},
	Isbn = {0387952845},
	Keywords = {Supervised learning (Machine learning)},
	M1 = {xvi, 533 p.},
	Publisher = {Springer},
	Sp = {xvi, 533 p.},
	Title = {The elements of statistical learning: data mining, inference, and prediction},
	Title1 = {Springer series in statistics},
	Tp = {Book},
	Ty = {BOOK},
	Year = {2001},
	Bdsk-Url-1 = {http://mirlyn.lib.umich.edu/Record/004200555}}

@book{Lewis:1993Compu-0,
	Address = {La Grange Park, Illinois USA},
	Author = {E. E. Lewis and W. F. Miller, Jr},
	Date-Added = {2011-02-09 16:16:26 -0700},
	Date-Modified = {2011-02-09 16:16:26 -0700},
	Publisher = {American Nuclear Society},
	Title = {Computational Methods of Neutron Transport},
	Year = {1993}}

@article{Matheron:1973The-i-0,
	Abstract = {{The intrinsic random functions (IRF) are a particular case of the
   Guelfand generalized processes with stationary increments. They
   constitute a much wider class than the stationary RF, and are used in
   practical applications for representing non-stationary phenomena. The
   most important topics are: existence of a generalized covariance (GC)
   for which statistical inference is possible for a unique realization;
   theory of the best linear intrinsic estimator (BLIE) are used for
   contouring and estimating problems: the turning bands method for
   simulating IRF; and the models with polynomial GC, for which
   statistical inference may be performed by automatic procedures.}},
	Address = {{UK}},
	Affiliation = {{Matheron, G.; Centre Morphologie Mathematique, Fontainebleau, France.}},
	Author = {Matheron, G.},
	Date-Added = {2011-02-07 13:39:30 -0700},
	Date-Modified = {2011-02-07 13:39:30 -0700},
	Identifying-Codes = {{[B1974-009353; C1974-006410]}},
	Issn = {{0001-8678}},
	Journal = {{Advances in Applied Probability}},
	Keywords = {{Theoretical or Mathematical/ random functions/ intrinsic random functions; applications; stationary increments; Guelfand generalized stochastic process; generalized covariances; polynomial covariance; turning bands method/ B0240 Probability and statistics; C1140 Probability and statistics}},
	Language = {{English}},
	Month = {{December}},
	Number = {{3}},
	Number-Of-References = {{12}},
	Pages = {{439-68}},
	Publication-Type = {{J}},
	Title = {{The intrinsic random functions and their applications}},
	Type = {{Journal Paper}},
	Unique-Id = {{INSPEC:615957}},
	Volume = {{5}},
	Year = {{1973}},
	Bdsk-File-1 = {YnBsaXN0MDDUAQIDBAUIJidUJHRvcFgkb2JqZWN0c1gkdmVyc2lvblkkYXJjaGl2ZXLRBgdUcm9vdIABqAkKFRYXGyIjVSRudWxs0wsMDQ4RFFpOUy5vYmplY3RzV05TLmtleXNWJGNsYXNzog8QgASABqISE4ACgAOAB1lhbGlhc0RhdGFccmVsYXRpdmVQYXRo0hgNGRpXTlMuZGF0YU8RAawAAAAAAawAAgAACGpsY29ubGluAAAAAAAAAAAAAAAAAAAAAAAAAAAAAABOSgAB/////xlNYXRoZXJvbjE5NzNUaGUtaS0wLTAucGRmAAAAAAAAAAAAAAAAAAAAAAAAAAAAAAAAAAAAAAAAAAAAAAAAAAD/////AAAAAAAAAAAAAAAA/////wAAEoFjdQAAAAAAAAAAAAAAAAAITWF0aGVyb24AAgBDLzpob21lOmpsY29ubGluOkRvY3VtZW50czpQYXBlcnM6TWF0aGVyb246TWF0aGVyb24xOTczVGhlLWktMC0wLnBkZgAADgA0ABkATQBhAHQAaABlAHIAbwBuADEAOQA3ADMAVABoAGUALQBpAC0AMAAtADAALgBwAGQAZgAPABIACABqAGwAYwBvAG4AbABpAG4AEgA0L0RvY3VtZW50cy9QYXBlcnMvTWF0aGVyb24vTWF0aGVyb24xOTczVGhlLWktMC0wLnBkZgATAA4vaG9tZS9qbGNvbmxpbgAJABsAG2NyYm0AAHBvc3gvaG9tZS9qbGNvbmxpbgAAABUAAgAO//8AAIAF0hwdHh9YJGNsYXNzZXNaJGNsYXNzbmFtZaMfICFdTlNNdXRhYmxlRGF0YVZOU0RhdGFYTlNPYmplY3RfEE0uLi8uLi8uLi8uLi9ob21lL2psY29ubGluL0RvY3VtZW50cy9QYXBlcnMvTWF0aGVyb24vTWF0aGVyb24xOTczVGhlLWktMC0wLnBkZtIcHSQloiUhXE5TRGljdGlvbmFyeRIAAYagXxAPTlNLZXllZEFyY2hpdmVyAAgAEQAWAB8AKAAyADUAOgA8AEUASwBSAF0AZQBsAG8AcQBzAHYAeAB6AHwAhgCTAJgAoAJQAlICVwJgAmsCbwJ9AoQCjQLdAuIC5QLyAvcAAAAAAAACAQAAAAAAAAAoAAAAAAAAAAAAAAAAAAADCQ==}}

@article{Krige:1951A-Sta-0,
	Author = {Krige, Daniel G.},
	Citeulike-Article-Id = {3070804},
	Date-Added = {2011-02-07 13:39:23 -0700},
	Date-Modified = {2011-02-07 14:05:36 -0700},
	Journal = {Journal of the Chemical, Metallurgical and Mining Society of South Africa},
	Keywords = {1951, geostatistics, kriging, mining, tinvestigacion, trabajo\_inferencia\_bayesiana},
	Month = {December},
	Number = {6},
	Pages = {119--139},
	Posted-At = {2008-08-01 10:34:43},
	Priority = {2},
	Publisher = {Operational Research Society},
	Title = {{A Statistical Approach to Some Basic Mine Valuation Problems on the Witwatersrand}},
	Volume = {52},
	Year = {1951},
	Bdsk-Url-1 = {http://dx.doi.org/10.2307/3006914}}

@book{Reilly:1991Passi-0,
	Date-Added = {2010-10-08 09:33:39 -0600},
	Date-Modified = {2010-10-08 09:33:39 -0600},
	Editor = {Doug Reilly and Norbert Ensslin and Hastings {Smith, Jr.}},
	Publisher = {United States Nuclear Regulatory Commission},
	Read = {1},
	Title = {Passive Nondestructive Assay of Nuclear Materials},
	Year = {1991}}

@inproceedings{Schear:2010Fissi-0,
	Author = {M. A. Schear and H. O. Menlove and S. J. Tobin and S. Y. Lee and L. G. Evans},
	Booktitle = {INMM 51st Annual Meeting},
	Date-Added = {2010-10-06 14:07:17 -0600},
	Date-Modified = {2010-10-06 14:07:17 -0600},
	Month = {July 11--15},
	Organization = {Institute of Nuclear Materials Management},
	Title = {Fissile Material Measurements using the Differential Die-Away Self Interrogation Technique},
	Year = {2010},
	Bdsk-File-1 = {YnBsaXN0MDDUAQIDBAUIJidUJHRvcFgkb2JqZWN0c1gkdmVyc2lvblkkYXJjaGl2ZXLRBgdUcm9vdIABqAkKFRYXGyIjVSRudWxs0wsMDQ4RFFpOUy5vYmplY3RzV05TLmtleXNWJGNsYXNzog8QgASABqISE4ACgAOAB1lhbGlhc0RhdGFccmVsYXRpdmVQYXRo0hgNGRpXTlMuZGF0YU8RAcoAAAAAAcoAAgAACVBOMTIxMzA2NwAAAAAAAAAAAAAAAAAAAAAAAMeoCnBIKwAAAWi4QxdTY2hlYXIyMDEwRmlzc2ktMC0wLnBkZgAAAAAAAAAAAAAAAAAAAAAAAAAAAAAAAAAAAAAAAAAAAAAAAAAAAAABaLaHyNIyZgAAAAAAAAAAAAMABAAACSAAAAAAAAAAAAAAAAAAAAAGU2NoZWFyABAACAAAx6hs4AAAABEACAAAyNKGxgAAAAEAFAFouEMBAMbPAAPQngAD0JEAAJGRAAIAT1BOMTIxMzA2NzpVc2VyczpqbGNvbmxpbjpEb2N1bWVudHM6QmliZGVza1BhcGVyczpTY2hlYXI6U2NoZWFyMjAxMEZpc3NpLTAtMC5wZGYAAA4AMAAXAFMAYwBoAGUAYQByADIAMAAxADAARgBpAHMAcwBpAC0AMAAtADAALgBwAGQAZgAPABQACQBQAE4AMQAyADEAMwAwADYANwASAEVVc2Vycy9qbGNvbmxpbi9Eb2N1bWVudHMvQmliZGVza1BhcGVycy9TY2hlYXIvU2NoZWFyMjAxMEZpc3NpLTAtMC5wZGYAABMAAS8AABUAAgAP//8AAIAF0hwdHh9YJGNsYXNzZXNaJGNsYXNzbmFtZaMfICFdTlNNdXRhYmxlRGF0YVZOU0RhdGFYTlNPYmplY3RfED8uLi8uLi8uLi9Eb2N1bWVudHMvQmliZGVza1BhcGVycy9TY2hlYXIvU2NoZWFyMjAxMEZpc3NpLTAtMC5wZGbSHB0kJaIlIVxOU0RpY3Rpb25hcnkSAAGGoF8QD05TS2V5ZWRBcmNoaXZlcgAIABEAFgAfACgAMgA1ADoAPABFAEsAUgBdAGUAbABvAHEAcwB2AHgAegB8AIYAkwCYAKACbgJwAnUCfgKJAo0CmwKiAqsC7QLyAvUDAgMHAAAAAAAAAgEAAAAAAAAAKAAAAAAAAAAAAAAAAAAAAxk=}}

@techreport{LaFleur:2010Devel-0,
	Author = {Adrienne M. LaFleur and Howard O. Menlove and William S. Charlton and Martyn T. Swinhoe},
	Date-Added = {2010-10-06 13:58:32 -0600},
	Date-Modified = {2010-10-06 13:58:32 -0600},
	Institution = {Los Alamos National Laboratory},
	Keywords = {SINRD},
	Month = {January},
	Number = {LA-UR-09-08178},
	Read = {1},
	Title = {Development of Self-Interrogation Neutron Resonance Densitometry to measure the Fissile Content in Spent Fuel},
	Year = {2010}}

@article{Sandoval:2010The-V-0,
	Author = {Nathan P. Sandoval and Stephen J. Tobin and Stephen Croft and Pauline Blanc and Mike L. Fensin and Jianwei Hu and Will Koehler and Howard O. Menlove and Vladimir Mozin and Joshua G. Richard and Melissa A. Schear and Martyn T. Swinhoe},
	Date-Added = {2010-10-06 13:57:25 -0600},
	Date-Modified = {2010-10-06 13:57:25 -0600},
	Journal = {Annals of Nuclear Energy},
	Title = {The Viability of Nondestructively Determining the Fissile Mass in Low-Enriched-Uranium Light-Water- Reactor Spent Fuel Assemblies by Delayed Neutron Counting},
	Volume = {to be published},
	Year = {2010},
	Bdsk-File-1 = {YnBsaXN0MDDUAQIDBAUIJidUJHRvcFgkb2JqZWN0c1gkdmVyc2lvblkkYXJjaGl2ZXLRBgdUcm9vdIABqAkKFRYXGyIjVSRudWxs0wsMDQ4RFFpOUy5vYmplY3RzV05TLmtleXNWJGNsYXNzog8QgASABqISE4ACgAOAB1lhbGlhc0RhdGFccmVsYXRpdmVQYXRo0hgNGRpXTlMuZGF0YU8RAdgAAAAAAdgAAgAACVBOMTIxMzA2NwAAAAAAAAAAAAAAAAAAAAAAAMeoCnBIKwAAAWc/DhlTYW5kb3ZhbDIwMTBUaGUtVi0wLTAucGRmAAAAAAAAAAAAAAAAAAAAAAAAAAAAAAAAAAAAAAAAAAAAAAAAAAABZzhoyNCYNAAAAAAAAAAAAAMABAAACSAAAAAAAAAAAAAAAAAAAAAIU2FuZG92YWwAEAAIAADHqGzgAAAAEQAIAADI0OyUAAAAAQAUAWc/DgEAxs8AA9CeAAPQkQAAkZEAAgBTUE4xMjEzMDY3OlVzZXJzOmpsY29ubGluOkRvY3VtZW50czpCaWJkZXNrUGFwZXJzOlNhbmRvdmFsOlNhbmRvdmFsMjAxMFRoZS1WLTAtMC5wZGYAAA4ANAAZAFMAYQBuAGQAbwB2AGEAbAAyADAAMQAwAFQAaABlAC0AVgAtADAALQAwAC4AcABkAGYADwAUAAkAUABOADEAMgAxADMAMAA2ADcAEgBJVXNlcnMvamxjb25saW4vRG9jdW1lbnRzL0JpYmRlc2tQYXBlcnMvU2FuZG92YWwvU2FuZG92YWwyMDEwVGhlLVYtMC0wLnBkZgAAEwABLwAAFQACAA///wAAgAXSHB0eH1gkY2xhc3Nlc1okY2xhc3NuYW1lox8gIV1OU011dGFibGVEYXRhVk5TRGF0YVhOU09iamVjdF8QQy4uLy4uLy4uL0RvY3VtZW50cy9CaWJkZXNrUGFwZXJzL1NhbmRvdmFsL1NhbmRvdmFsMjAxMFRoZS1WLTAtMC5wZGbSHB0kJaIlIVxOU0RpY3Rpb25hcnkSAAGGoF8QD05TS2V5ZWRBcmNoaXZlcgAIABEAFgAfACgAMgA1ADoAPABFAEsAUgBdAGUAbABvAHEAcwB2AHgAegB8AIYAkwCYAKACfAJ+AoMCjAKXApsCqQKwArkC/wMEAwcDFAMZAAAAAAAAAgEAAAAAAAAAKAAAAAAAAAAAAAAAAAAAAys=}}

@inproceedings{Conlin:2010Deter-1,
	Author = {Jeremy Lloyd Conlin and Stephen J. Tobin},
	Booktitle = {INMM 51st Annual Meeting},
	Date-Added = {2010-10-06 13:56:05 -0600},
	Date-Modified = {2010-10-06 13:56:05 -0600},
	Month = {July 11--15},
	Organization = {Institute of Nuclear Materials Management},
	Read = {1},
	Title = {Determining Fissile Content in PWR Spent Fuel Assemblies Using a Passive Neutron Albedo Reactivity with Fission Chambers Technique},
	Year = {2010},
	Bdsk-File-1 = {YnBsaXN0MDDUAQIDBAUIJidUJHRvcFgkb2JqZWN0c1gkdmVyc2lvblkkYXJjaGl2ZXLRBgdUcm9vdIABqAkKFRYXGyIjVSRudWxs0wsMDQ4RFFpOUy5vYmplY3RzV05TLmtleXNWJGNsYXNzog8QgASABqISE4ACgAOAB1lhbGlhc0RhdGFccmVsYXRpdmVQYXRo0hgNGRpXTlMuZGF0YU8RAcoAAAAAAcoAAgAACVBOMTIxMzA2NwAAAAAAAAAAAAAAAAAAAAAAAMeoCnBIKwAAAQDG4xdDb25saW4yMDEwRGV0ZXItMS0wLnBkZgAAAAAAAAAAAAAAAAAAAAAAAAAAAAAAAAAAAAAAAAAAAAAAAAAAAAABAMgdx/sNYgAAAAAAAAAAAAMABAAACSAAAAAAAAAAAAAAAAAAAAAGQ29ubGluABAACAAAx6hs4AAAABEACAAAx/thwgAAAAEAFAEAxuMBAMbPAAPQngAD0JEAAJGRAAIAT1BOMTIxMzA2NzpVc2VyczpqbGNvbmxpbjpEb2N1bWVudHM6QmliZGVza1BhcGVyczpDb25saW46Q29ubGluMjAxMERldGVyLTEtMC5wZGYAAA4AMAAXAEMAbwBuAGwAaQBuADIAMAAxADAARABlAHQAZQByAC0AMQAtADAALgBwAGQAZgAPABQACQBQAE4AMQAyADEAMwAwADYANwASAEVVc2Vycy9qbGNvbmxpbi9Eb2N1bWVudHMvQmliZGVza1BhcGVycy9Db25saW4vQ29ubGluMjAxMERldGVyLTEtMC5wZGYAABMAAS8AABUAAgAP//8AAIAF0hwdHh9YJGNsYXNzZXNaJGNsYXNzbmFtZaMfICFdTlNNdXRhYmxlRGF0YVZOU0RhdGFYTlNPYmplY3RfED8uLi8uLi8uLi9Eb2N1bWVudHMvQmliZGVza1BhcGVycy9Db25saW4vQ29ubGluMjAxMERldGVyLTEtMC5wZGbSHB0kJaIlIVxOU0RpY3Rpb25hcnkSAAGGoF8QD05TS2V5ZWRBcmNoaXZlcgAIABEAFgAfACgAMgA1ADoAPABFAEsAUgBdAGUAbABvAHEAcwB2AHgAegB8AIYAkwCYAKACbgJwAnUCfgKJAo0CmwKiAqsC7QLyAvUDAgMHAAAAAAAAAgEAAAAAAAAAKAAAAAAAAAAAAAAAAAAAAxk=}}

@book{Buhmann:2003Radia-0,
	Author = {Martin Dietrich Buhmann},
	Date-Added = {2010-10-06 10:07:54 -0600},
	Date-Modified = {2010-10-06 10:07:54 -0600},
	Publisher = {Cambridge University Press},
	Title = {Radial Basis Functions: Theory and Implementations},
	Year = {2003},
	Bdsk-File-1 = {YnBsaXN0MDDUAQIDBAUIJidUJHRvcFgkb2JqZWN0c1gkdmVyc2lvblkkYXJjaGl2ZXLRBgdUcm9vdIABqAkKFRYXGyIjVSRudWxs0wsMDQ4RFFpOUy5vYmplY3RzV05TLmtleXNWJGNsYXNzog8QgASABqISE4ACgAOAB1lhbGlhc0RhdGFccmVsYXRpdmVQYXRo0hgNGRpXTlMuZGF0YU8RAdIAAAAAAdIAAgAACVBOMTIxMzA2NwAAAAAAAAAAAAAAAAAAAAAAAMeoCnBIKwAAAV/QMxhCdWhtYW5uMjAwM1JhZGlhLTAtMC5wZGYAAAAAAAAAAAAAAAAAAAAAAAAAAAAAAAAAAAAAAAAAAAAAAAAAAAABX8snyMIStwAAAAAAAAAAAAMABAAACSAAAAAAAAAAAAAAAAAAAAAHQnVobWFubgAAEAAIAADHqGzgAAAAEQAIAADIwmcXAAAAAQAUAV/QMwEAxs8AA9CeAAPQkQAAkZEAAgBRUE4xMjEzMDY3OlVzZXJzOmpsY29ubGluOkRvY3VtZW50czpCaWJkZXNrUGFwZXJzOkJ1aG1hbm46QnVobWFubjIwMDNSYWRpYS0wLTAucGRmAAAOADIAGABCAHUAaABtAGEAbgBuADIAMAAwADMAUgBhAGQAaQBhAC0AMAAtADAALgBwAGQAZgAPABQACQBQAE4AMQAyADEAMwAwADYANwASAEdVc2Vycy9qbGNvbmxpbi9Eb2N1bWVudHMvQmliZGVza1BhcGVycy9CdWhtYW5uL0J1aG1hbm4yMDAzUmFkaWEtMC0wLnBkZgAAEwABLwAAFQACAA///wAAgAXSHB0eH1gkY2xhc3Nlc1okY2xhc3NuYW1lox8gIV1OU011dGFibGVEYXRhVk5TRGF0YVhOU09iamVjdF8QQS4uLy4uLy4uL0RvY3VtZW50cy9CaWJkZXNrUGFwZXJzL0J1aG1hbm4vQnVobWFubjIwMDNSYWRpYS0wLTAucGRm0hwdJCWiJSFcTlNEaWN0aW9uYXJ5EgABhqBfEA9OU0tleWVkQXJjaGl2ZXIACAARABYAHwAoADIANQA6ADwARQBLAFIAXQBlAGwAbwBxAHMAdgB4AHoAfACGAJMAmACgAnYCeAJ9AoYCkQKVAqMCqgKzAvcC/AL/AwwDEQAAAAAAAAIBAAAAAAAAACgAAAAAAAAAAAAAAAAAAAMj}}

@article{Heitmann:2006Cosmi-0,
	Abstract = {The complexity and accuracy of current and future "precision cosmology" observational campaigns has made it essential to develop an efficient technique for directly combining simulation and observational data sets to determine cosmological and model parameters, a procedure we term "calibration." Once a satisfactory calibration of the underlying cosmological model is achieved, independent predictions for new observations become possible. For this procedure to be effective, robust characterization of the uncertainty in the calibration process is highly desirable. In this Letter we describe a statistical methodology that can achieve both of these goals. An application example based around dark matter structure formation simulations and a synthetic mass power spectrum data set is used to demonstrate the approach.},
	Address = {1427 E 60TH ST, CHICAGO, IL 60637-2954 USA},
	Author = {Heitmann, Katrin and Higdon, David and Nakhleh, Charles and Habib, Salman},
	Date-Added = {2010-10-06 09:07:24 -0600},
	Date-Modified = {2010-10-06 09:07:24 -0600},
	Isi = {000239647200001},
	Isi-Recid = {151612079},
	Isi-Ref-Recids = {144555185 148568667 91959142 142996416 124951256 145871099 142996409 7652654 121065693 132829007 73583272 134350063 97563934 149692644 85385969 142043485},
	Journal = {Astrophysical Journal},
	Keywords = {cosmological parameters; cosmology : theory},
	Month = jul,
	Number = {1},
	Pages = {L1-L4},
	Publisher = {UNIV CHICAGO PRESS},
	Read = {1},
	Times-Cited = {13},
	Title = {Cosmic calibration},
	Volume = {646},
	Year = {2006},
	Bdsk-File-1 = {YnBsaXN0MDDUAQIDBAUIJidUJHRvcFgkb2JqZWN0c1gkdmVyc2lvblkkYXJjaGl2ZXLRBgdUcm9vdIABqAkKFRYXGyIjVSRudWxs0wsMDQ4RFFpOUy5vYmplY3RzV05TLmtleXNWJGNsYXNzog8QgASABqISE4ACgAOAB1lhbGlhc0RhdGFccmVsYXRpdmVQYXRo0hgNGRpXTlMuZGF0YU8RAdgAAAAAAdgAAgAACVBOMTIxMzA2NwAAAAAAAAAAAAAAAAAAAAAAAMeoCnBIKwAAAUG8gBlIZWl0bWFubjIwMDZDb3NtaS0wLTAucGRmAAAAAAAAAAAAAAAAAAAAAAAAAAAAAAAAAAAAAAAAAAAAAAAAAAABPGWEyKV9JQAAAAAAAAAAAAMABAAACSAAAAAAAAAAAAAAAAAAAAAISGVpdG1hbm4AEAAIAADHqGzgAAAAEQAIAADIpdGFAAAAAQAUAUG8gAEAxs8AA9CeAAPQkQAAkZEAAgBTUE4xMjEzMDY3OlVzZXJzOmpsY29ubGluOkRvY3VtZW50czpCaWJkZXNrUGFwZXJzOkhlaXRtYW5uOkhlaXRtYW5uMjAwNkNvc21pLTAtMC5wZGYAAA4ANAAZAEgAZQBpAHQAbQBhAG4AbgAyADAAMAA2AEMAbwBzAG0AaQAtADAALQAwAC4AcABkAGYADwAUAAkAUABOADEAMgAxADMAMAA2ADcAEgBJVXNlcnMvamxjb25saW4vRG9jdW1lbnRzL0JpYmRlc2tQYXBlcnMvSGVpdG1hbm4vSGVpdG1hbm4yMDA2Q29zbWktMC0wLnBkZgAAEwABLwAAFQACAA///wAAgAXSHB0eH1gkY2xhc3Nlc1okY2xhc3NuYW1lox8gIV1OU011dGFibGVEYXRhVk5TRGF0YVhOU09iamVjdF8QQy4uLy4uLy4uL0RvY3VtZW50cy9CaWJkZXNrUGFwZXJzL0hlaXRtYW5uL0hlaXRtYW5uMjAwNkNvc21pLTAtMC5wZGbSHB0kJaIlIVxOU0RpY3Rpb25hcnkSAAGGoF8QD05TS2V5ZWRBcmNoaXZlcgAIABEAFgAfACgAMgA1ADoAPABFAEsAUgBdAGUAbABvAHEAcwB2AHgAegB8AIYAkwCYAKACfAJ+AoMCjAKXApsCqQKwArkC/wMEAwcDFAMZAAAAAAAAAgEAAAAAAAAAKAAAAAAAAAAAAAAAAAAAAys=},
	Bdsk-Url-1 = {http://gateway.isiknowledge.com/gateway/Gateway.cgi?GWVersion=2&SrcAuth=Alerting&SrcApp=Alerting&DestApp=WOS&DestLinkType=FullRecord;KeyUT=000239647200001}}

@inproceedings{Hu:2010Deter-0,
	Address = {Baltimore, MD},
	Author = {Jianwei Hu and Stephen Tobin and Howard Menlove},
	Booktitle = {INMM 51st Annual Meeting},
	Date-Added = {2010-10-05 14:48:31 -0600},
	Date-Modified = {2010-10-05 14:48:31 -0600},
	Month = {July 11--15},
	Organization = {Institute of Nuclear Materials Management},
	Read = {1},
	Title = {Determining plutonium mass in spent fuel using Cf-252 interrogation with prompt neutron detection},
	Year = {2010},
	Bdsk-File-1 = {YnBsaXN0MDDUAQIDBAUIJidUJHRvcFgkb2JqZWN0c1gkdmVyc2lvblkkYXJjaGl2ZXLRBgdUcm9vdIABqAkKFRYXGyIjVSRudWxs0wsMDQ4RFFpOUy5vYmplY3RzV05TLmtleXNWJGNsYXNzog8QgASABqISE4ACgAOAB1lhbGlhc0RhdGFccmVsYXRpdmVQYXRo0hgNGRpXTlMuZGF0YU8RAa4AAAAAAa4AAgAACVBOMTIxMzA2NwAAAAAAAAAAAAAAAAAAAAAAAMeoCnBIKwAAAWeqMBNIdTIwMTBEZXRlci0wLTAucGRmAAAAAAAAAAAAAAAAAAAAAAAAAAAAAAAAAAAAAAAAAAAAAAAAAAAAAAAAAAABZ6l4yNDtzQAAAAAAAAAAAAMABAAACSAAAAAAAAAAAAAAAAAAAAACSHUAEAAIAADHqGzgAAAAEQAIAADI0UItAAAAAQAUAWeqMAEAxs8AA9CeAAPQkQAAkZEAAgBHUE4xMjEzMDY3OlVzZXJzOmpsY29ubGluOkRvY3VtZW50czpCaWJkZXNrUGFwZXJzOkh1Okh1MjAxMERldGVyLTAtMC5wZGYAAA4AKAATAEgAdQAyADAAMQAwAEQAZQB0AGUAcgAtADAALQAwAC4AcABkAGYADwAUAAkAUABOADEAMgAxADMAMAA2ADcAEgA9VXNlcnMvamxjb25saW4vRG9jdW1lbnRzL0JpYmRlc2tQYXBlcnMvSHUvSHUyMDEwRGV0ZXItMC0wLnBkZgAAEwABLwAAFQACAA///wAAgAXSHB0eH1gkY2xhc3Nlc1okY2xhc3NuYW1lox8gIV1OU011dGFibGVEYXRhVk5TRGF0YVhOU09iamVjdF8QNy4uLy4uLy4uL0RvY3VtZW50cy9CaWJkZXNrUGFwZXJzL0h1L0h1MjAxMERldGVyLTAtMC5wZGbSHB0kJaIlIVxOU0RpY3Rpb25hcnkSAAGGoF8QD05TS2V5ZWRBcmNoaXZlcgAIABEAFgAfACgAMgA1ADoAPABFAEsAUgBdAGUAbABvAHEAcwB2AHgAegB8AIYAkwCYAKACUgJUAlkCYgJtAnECfwKGAo8CyQLOAtEC3gLjAAAAAAAAAgEAAAAAAAAAKAAAAAAAAAAAAAAAAAAAAvU=}}

@inproceedings{Fensin:2009A-Mon-0,
	Author = {M. L. Fensin and S. J. Tobin and N. P. Sandoval and S. J. Thompson and M. T. Swinhoe},
	Booktitle = {Advances in Nuclear Fuel Management IV},
	Date-Added = {2010-10-05 13:18:56 -0600},
	Date-Modified = {2010-10-05 13:18:56 -0600},
	Month = {April 12-15},
	Organization = {American Nuclear Society},
	Read = {1},
	Title = {A Monte Carlo Linked Depletion Spent Fuel Library for Assessing Varied Nondestructive Assay Techniques for Nuclear Safeguards},
	Year = {2009},
	Bdsk-File-1 = {YnBsaXN0MDDUAQIDBAUIJidUJHRvcFgkb2JqZWN0c1gkdmVyc2lvblkkYXJjaGl2ZXLRBgdUcm9vdIABqAkKFRYXGyIjVSRudWxs0wsMDQ4RFFpOUy5vYmplY3RzV05TLmtleXNWJGNsYXNzog8QgASABqISE4ACgAOAB1lhbGlhc0RhdGFccmVsYXRpdmVQYXRo0hgNGRpXTlMuZGF0YU8RAcoAAAAAAcoAAgAACVBOMTIxMzA2NwAAAAAAAAAAAAAAAAAAAAAAAMeoCnBIKwAAAQDKHBdGZW5zaW4yMDA5QS1Nb24tMC0wLnBkZgAAAAAAAAAAAAAAAAAAAAAAAAAAAAAAAAAAAAAAAAAAAAAAAAAAAAABAMoix/y26wAAAAAAAAAAAAMABAAACSAAAAAAAAAAAAAAAAAAAAAGRmVuc2luABAACAAAx6hs4AAAABEACAAAx/0LSwAAAAEAFAEAyhwBAMbPAAPQngAD0JEAAJGRAAIAT1BOMTIxMzA2NzpVc2VyczpqbGNvbmxpbjpEb2N1bWVudHM6QmliZGVza1BhcGVyczpGZW5zaW46RmVuc2luMjAwOUEtTW9uLTAtMC5wZGYAAA4AMAAXAEYAZQBuAHMAaQBuADIAMAAwADkAQQAtAE0AbwBuAC0AMAAtADAALgBwAGQAZgAPABQACQBQAE4AMQAyADEAMwAwADYANwASAEVVc2Vycy9qbGNvbmxpbi9Eb2N1bWVudHMvQmliZGVza1BhcGVycy9GZW5zaW4vRmVuc2luMjAwOUEtTW9uLTAtMC5wZGYAABMAAS8AABUAAgAP//8AAIAF0hwdHh9YJGNsYXNzZXNaJGNsYXNzbmFtZaMfICFdTlNNdXRhYmxlRGF0YVZOU0RhdGFYTlNPYmplY3RfED8uLi8uLi8uLi9Eb2N1bWVudHMvQmliZGVza1BhcGVycy9GZW5zaW4vRmVuc2luMjAwOUEtTW9uLTAtMC5wZGbSHB0kJaIlIVxOU0RpY3Rpb25hcnkSAAGGoF8QD05TS2V5ZWRBcmNoaXZlcgAIABEAFgAfACgAMgA1ADoAPABFAEsAUgBdAGUAbABvAHEAcwB2AHgAegB8AIYAkwCYAKACbgJwAnUCfgKJAo0CmwKiAqsC7QLyAvUDAgMHAAAAAAAAAgEAAAAAAAAAKAAAAAAAAAAAAAAAAAAAAxk=}}

@article{Lee:2010Monte-1,
	Author = {Tae-Hoon Lee and Howard O. Menlove and Martyn T. Swinhoe and Stephen J. Tobin},
	Date-Added = {2010-10-05 09:05:01 -0600},
	Date-Modified = {2010-10-05 09:05:01 -0600},
	Journal = {Nuclear Instruments and Methods in Physics Research Section A: Accelerators, Spectrometers, Detectors and Associated Equipment},
	Title = {Monte Carlo Simulations of Differential Die-Away Instrument for Determination of Fissile Content in Spent Fuel Assemblies},
	Volume = {to be published},
	Year = {2010},
	Bdsk-File-1 = {YnBsaXN0MDDUAQIDBAUIJidUJHRvcFgkb2JqZWN0c1gkdmVyc2lvblkkYXJjaGl2ZXLRBgdUcm9vdIABqAkKFRYXGyIjVSRudWxs0wsMDQ4RFFpOUy5vYmplY3RzV05TLmtleXNWJGNsYXNzog8QgASABqISE4ACgAOAB1lhbGlhc0RhdGFccmVsYXRpdmVQYXRo0hgNGRpXTlMuZGF0YU8RAbYAAAAAAbYAAgAACVBOMTIxMzA2NwAAAAAAAAAAAAAAAAAAAAAAAMeoCnBIKwAAAWdAYhRMZWUyMDEwTW9udGUtMS0wLnBkZgAAAAAAAAAAAAAAAAAAAAAAAAAAAAAAAAAAAAAAAAAAAAAAAAAAAAAAAAABZzlvyNCYjAAAAAAAAAAAAAMABAAACSAAAAAAAAAAAAAAAAAAAAADTGVlAAAQAAgAAMeobOAAAAARAAgAAMjQ7OwAAAABABQBZ0BiAQDGzwAD0J4AA9CRAACRkQACAElQTjEyMTMwNjc6VXNlcnM6amxjb25saW46RG9jdW1lbnRzOkJpYmRlc2tQYXBlcnM6TGVlOkxlZTIwMTBNb250ZS0xLTAucGRmAAAOACoAFABMAGUAZQAyADAAMQAwAE0AbwBuAHQAZQAtADEALQAwAC4AcABkAGYADwAUAAkAUABOADEAMgAxADMAMAA2ADcAEgA/VXNlcnMvamxjb25saW4vRG9jdW1lbnRzL0JpYmRlc2tQYXBlcnMvTGVlL0xlZTIwMTBNb250ZS0xLTAucGRmAAATAAEvAAAVAAIAD///AACABdIcHR4fWCRjbGFzc2VzWiRjbGFzc25hbWWjHyAhXU5TTXV0YWJsZURhdGFWTlNEYXRhWE5TT2JqZWN0XxA5Li4vLi4vLi4vRG9jdW1lbnRzL0JpYmRlc2tQYXBlcnMvTGVlL0xlZTIwMTBNb250ZS0xLTAucGRm0hwdJCWiJSFcTlNEaWN0aW9uYXJ5EgABhqBfEA9OU0tleWVkQXJjaGl2ZXIACAARABYAHwAoADIANQA6ADwARQBLAFIAXQBlAGwAbwBxAHMAdgB4AHoAfACGAJMAmACgAloCXAJhAmoCdQJ5AocCjgKXAtMC2ALbAugC7QAAAAAAAAIBAAAAAAAAACgAAAAAAAAAAAAAAAAAAAL/}}

@inproceedings{Veal:2010NGSI--0,
	Author = {Kevin D. Veal and Stephen A. LaMontagne and Stephen J. Tobin and L. Eric Smith},
	Booktitle = {INMM 51st Annual Meeting},
	Date-Added = {2010-10-04 14:31:11 -0600},
	Date-Modified = {2010-10-04 14:31:11 -0600},
	Month = {July 11--15},
	Organization = {Institute of Nuclear Materials Management},
	Title = {NGSI Program to Investigate Techniques for the Direct Measurement of Plutonium in Spent LWR Fuels by Non-destructive Assay},
	Year = {2010},
	Bdsk-File-1 = {YnBsaXN0MDDUAQIDBAUIJidUJHRvcFgkb2JqZWN0c1gkdmVyc2lvblkkYXJjaGl2ZXLRBgdUcm9vdIABqAkKFRYXGyIjVSRudWxs0wsMDQ4RFFpOUy5vYmplY3RzV05TLmtleXNWJGNsYXNzog8QgASABqISE4ACgAOAB1lhbGlhc0RhdGFccmVsYXRpdmVQYXRo0hgNGRpXTlMuZGF0YU8RAbwAAAAAAbwAAgAACVBOMTIxMzA2NwAAAAAAAAAAAAAAAAAAAAAAAMeoCnBIKwAAAWag5BVWZWFsMjAxME5HU0ktLTAtMC5wZGYAAAAAAAAAAAAAAAAAAAAAAAAAAAAAAAAAAAAAAAAAAAAAAAAAAAAAAAABYsI1yMddsQAAAAAAAAAAAAMABAAACSAAAAAAAAAAAAAAAAAAAAAEVmVhbAAQAAgAAMeobOAAAAARAAgAAMjHshEAAAABABQBZqDkAQDGzwAD0J4AA9CRAACRkQACAEtQTjEyMTMwNjc6VXNlcnM6amxjb25saW46RG9jdW1lbnRzOkJpYmRlc2tQYXBlcnM6VmVhbDpWZWFsMjAxME5HU0ktLTAtMC5wZGYAAA4ALAAVAFYAZQBhAGwAMgAwADEAMABOAEcAUwBJAC0ALQAwAC0AMAAuAHAAZABmAA8AFAAJAFAATgAxADIAMQAzADAANgA3ABIAQVVzZXJzL2psY29ubGluL0RvY3VtZW50cy9CaWJkZXNrUGFwZXJzL1ZlYWwvVmVhbDIwMTBOR1NJLS0wLTAucGRmAAATAAEvAAAVAAIAD///AACABdIcHR4fWCRjbGFzc2VzWiRjbGFzc25hbWWjHyAhXU5TTXV0YWJsZURhdGFWTlNEYXRhWE5TT2JqZWN0XxA7Li4vLi4vLi4vRG9jdW1lbnRzL0JpYmRlc2tQYXBlcnMvVmVhbC9WZWFsMjAxME5HU0ktLTAtMC5wZGbSHB0kJaIlIVxOU0RpY3Rpb25hcnkSAAGGoF8QD05TS2V5ZWRBcmNoaXZlcgAIABEAFgAfACgAMgA1ADoAPABFAEsAUgBdAGUAbABvAHEAcwB2AHgAegB8AIYAkwCYAKACYAJiAmcCcAJ7An8CjQKUAp0C2wLgAuMC8AL1AAAAAAAAAgEAAAAAAAAAKAAAAAAAAAAAAAAAAAAAAwc=}}

@inproceedings{Tobin:2008Deter-0,
	Address = {Nashville, TN},
	Author = {Stephen J. Tobin and Scott F. Demuth and Mike L. Fensin and John S. Hendricks and Howard O. Menlove and Martyn T. Swinhoe},
	Booktitle = {INMM 49th Annual Meeting},
	Date-Added = {2010-09-30 08:22:38 -0600},
	Date-Modified = {2010-10-08 09:36:01 -0600},
	Institution = {Institute of Nuclear Materials Management},
	Keywords = {LA-UR-08-03763},
	Month = {July},
	Read = {1},
	Title = {Determination of Plutonium Content in Spent Fuel with NDA---Why an Integrated Approach?},
	Year = {2008},
	Bdsk-File-1 = {YnBsaXN0MDDUAQIDBAUIJidUJHRvcFgkb2JqZWN0c1gkdmVyc2lvblkkYXJjaGl2ZXLRBgdUcm9vdIABqAkKFRYXGyIjVSRudWxs0wsMDQ4RFFpOUy5vYmplY3RzV05TLmtleXNWJGNsYXNzog8QgASABqISE4ACgAOAB1lhbGlhc0RhdGFccmVsYXRpdmVQYXRo0hgNGRpXTlMuZGF0YU8RAcQAAAAAAcQAAgAACVBOMTIxMzA2NwAAAAAAAAAAAAAAAAAAAAAAAMeoCnBIKwAAAQDL5RZUb2JpbjIwMDhEZXRlci0wLTAucGRmAAAAAAAAAAAAAAAAAAAAAAAAAAAAAAAAAAAAAAAAAAAAAAAAAAAAAAABAMvrx8UWlAAAAAAAAAAAAAMABAAACSAAAAAAAAAAAAAAAAAAAAAFVG9iaW4AABAACAAAx6hs4AAAABEACAAAx8Vq9AAAAAEAFAEAy+UBAMbPAAPQngAD0JEAAJGRAAIATVBOMTIxMzA2NzpVc2VyczpqbGNvbmxpbjpEb2N1bWVudHM6QmliZGVza1BhcGVyczpUb2JpbjpUb2JpbjIwMDhEZXRlci0wLTAucGRmAAAOAC4AFgBUAG8AYgBpAG4AMgAwADAAOABEAGUAdABlAHIALQAwAC0AMAAuAHAAZABmAA8AFAAJAFAATgAxADIAMQAzADAANgA3ABIAQ1VzZXJzL2psY29ubGluL0RvY3VtZW50cy9CaWJkZXNrUGFwZXJzL1RvYmluL1RvYmluMjAwOERldGVyLTAtMC5wZGYAABMAAS8AABUAAgAP//8AAIAF0hwdHh9YJGNsYXNzZXNaJGNsYXNzbmFtZaMfICFdTlNNdXRhYmxlRGF0YVZOU0RhdGFYTlNPYmplY3RfED0uLi8uLi8uLi9Eb2N1bWVudHMvQmliZGVza1BhcGVycy9Ub2Jpbi9Ub2JpbjIwMDhEZXRlci0wLTAucGRm0hwdJCWiJSFcTlNEaWN0aW9uYXJ5EgABhqBfEA9OU0tleWVkQXJjaGl2ZXIACAARABYAHwAoADIANQA6ADwARQBLAFIAXQBlAGwAbwBxAHMAdgB4AHoAfACGAJMAmACgAmgCagJvAngCgwKHApUCnAKlAuUC6gLtAvoC/wAAAAAAAAIBAAAAAAAAACgAAAAAAAAAAAAAAAAAAAMR}}

@techreport{Pelowitz:2009MCNPX-0,
	Author = {Denise B. Pelowitz and Michael R. James and Gregg W. McKinney and Joe W. Durkee and Michael L. Fensin and John S. Hendricks and Stepan G. Mashnik and Laurie S. Waters},
	Date-Added = {2010-09-28 11:06:04 -0600},
	Date-Modified = {2010-09-30 16:28:29 -0600},
	Institution = {Los Alamos National Laboratory},
	Number = {LA-UR-09-04150},
	Read = {1},
	Title = {MCNPX 2.7.B Extensions},
	Year = {2009},
	Bdsk-File-1 = {YnBsaXN0MDDUAQIDBAUIJidUJHRvcFgkb2JqZWN0c1gkdmVyc2lvblkkYXJjaGl2ZXLRBgdUcm9vdIABqAkKFRYXGyIjVSRudWxs0wsMDQ4RFFpOUy5vYmplY3RzV05TLmtleXNWJGNsYXNzog8QgASABqISE4ACgAOAB1lhbGlhc0RhdGFccmVsYXRpdmVQYXRo0hgNGRpXTlMuZGF0YU8RAdgAAAAAAdgAAgAACVBOMTIxMzA2NwAAAAAAAAAAAAAAAAAAAAAAAMeoCnBIKwAAATuYqRlQZWxvd2l0ejIwMDlNQ05QWC0wLTAucGRmAAAAAAAAAAAAAAAAAAAAAAAAAAAAAAAAAAAAAAAAAAAAAAAAAAABO5P1xnfgyQAAAAAAAAAAAAMABAAACSAAAAAAAAAAAAAAAAAAAAAIUGVsb3dpdHoAEAAIAADHqGzgAAAAEQAIAADGeDUpAAAAAQAUATuYqQEAxs8AA9CeAAPQkQAAkZEAAgBTUE4xMjEzMDY3OlVzZXJzOmpsY29ubGluOkRvY3VtZW50czpCaWJkZXNrUGFwZXJzOlBlbG93aXR6OlBlbG93aXR6MjAwOU1DTlBYLTAtMC5wZGYAAA4ANAAZAFAAZQBsAG8AdwBpAHQAegAyADAAMAA5AE0AQwBOAFAAWAAtADAALQAwAC4AcABkAGYADwAUAAkAUABOADEAMgAxADMAMAA2ADcAEgBJVXNlcnMvamxjb25saW4vRG9jdW1lbnRzL0JpYmRlc2tQYXBlcnMvUGVsb3dpdHovUGVsb3dpdHoyMDA5TUNOUFgtMC0wLnBkZgAAEwABLwAAFQACAA///wAAgAXSHB0eH1gkY2xhc3Nlc1okY2xhc3NuYW1lox8gIV1OU011dGFibGVEYXRhVk5TRGF0YVhOU09iamVjdF8QQy4uLy4uLy4uL0RvY3VtZW50cy9CaWJkZXNrUGFwZXJzL1BlbG93aXR6L1BlbG93aXR6MjAwOU1DTlBYLTAtMC5wZGbSHB0kJaIlIVxOU0RpY3Rpb25hcnkSAAGGoF8QD05TS2V5ZWRBcmNoaXZlcgAIABEAFgAfACgAMgA1ADoAPABFAEsAUgBdAGUAbABvAHEAcwB2AHgAegB8AIYAkwCYAKACfAJ+AoMCjAKXApsCqQKwArkC/wMEAwcDFAMZAAAAAAAAAgEAAAAAAAAAKAAAAAAAAAAAAAAAAAAAAys=}}

@comment{BibDesk Static Groups{
<?xml version="1.0" encoding="UTF-8"?>
<!DOCTYPE plist PUBLIC "-//Apple//DTD PLIST 1.0//EN" "http://www.apple.com/DTDs/PropertyList-1.0.dtd">
<plist version="1.0">
<array>
	<dict>
		<key>group name</key>
		<string>MCPNAR</string>
		<key>keys</key>
		<string></string>
	</dict>
	<dict>
		<key>group name</key>
		<string>PhD Papers</string>
		<key>keys</key>
		<string></string>
	</dict>
	<dict>
		<key>group name</key>
		<string>PNAR-FC</string>
		<key>keys</key>
		<string>LaFleur:2010Devel-0</string>
	</dict>
</array>
</plist>
}}

@comment{BibDesk Smart Groups{
<?xml version="1.0" encoding="UTF-8"?>
<!DOCTYPE plist PUBLIC "-//Apple//DTD PLIST 1.0//EN" "http://www.apple.com/DTDs/PropertyList-1.0.dtd">
<plist version="1.0">
<array>
	<dict>
		<key>conditions</key>
		<array>
			<dict>
				<key>comparison</key>
				<integer>2</integer>
				<key>key</key>
				<string>Author</string>
				<key>value</key>
				<string>Conlin</string>
				<key>version</key>
				<string>1</string>
			</dict>
		</array>
		<key>conjunction</key>
		<integer>0</integer>
		<key>group name</key>
		<string>Conlin</string>
	</dict>
	<dict>
		<key>conditions</key>
		<array>
			<dict>
				<key>comparison</key>
				<integer>4</integer>
				<key>key</key>
				<string>Read</string>
				<key>value</key>
				<string>1</string>
				<key>version</key>
				<string>1</string>
			</dict>
		</array>
		<key>conjunction</key>
		<integer>0</integer>
		<key>group name</key>
		<string>Read</string>
	</dict>
	<dict>
		<key>conditions</key>
		<array>
			<dict>
				<key>comparison</key>
				<integer>4</integer>
				<key>key</key>
				<string>Read</string>
				<key>value</key>
				<string>0</string>
				<key>version</key>
				<string>1</string>
			</dict>
		</array>
		<key>conjunction</key>
		<integer>0</integer>
		<key>group name</key>
		<string>Unread</string>
	</dict>
</array>
</plist>
}}
